<record><leader>00000cas a22000007a 4500</leader><controlfield tag="001">18899922</controlfield><controlfield tag="008">881214d19151967iduwr ne      0    0eng d</controlfield><datafield ind1=" " ind2=" " tag="010"><subfield code="a">sn 88056145 </subfield></datafield><datafield ind1=" " ind2=" " tag="040"><subfield code="a">NVB</subfield><subfield code="b">eng</subfield><subfield code="c">NVB</subfield><subfield code="d">OCLCQ</subfield><subfield code="d">OCLCF</subfield><subfield code="d">OCLCO</subfield></datafield><datafield ind1=" " ind2=" " tag="042"><subfield code="a">msc</subfield></datafield><datafield ind1=" " ind2=" " tag="043"><subfield code="a">n-us-id</subfield></datafield><datafield ind1="0" ind2="0" tag="245"><subfield code="a">Cascade news.</subfield></datafield><datafield ind1=" " ind2=" " tag="260"><subfield code="a">Cascade, Idaho :</subfield><subfield code="b">R. Womack</subfield></datafield><datafield ind1=" " ind2=" " tag="300"><subfield code="a">v.</subfield></datafield><datafield ind1=" " ind2=" " tag="310"><subfield code="a">Weekly</subfield></datafield><datafield ind1="1" ind2=" " tag="362"><subfield code="a">Began with Apr. 1, 1915 issue.</subfield></datafield><datafield ind1="0" ind2=" " tag="362"><subfield code="a">-v. 40, no. 48 (May 5, 1955) ; 40th year, no. 49 (May 13, 1955)-49th year, no. 40 (Sept. 29, 1967).</subfield></datafield><datafield ind1=" " ind2=" " tag="588"><subfield code="a">Description based on: Vol. 1, no. 2 (Apr. 8, 1915).</subfield></datafield><datafield ind1=" " ind2="0" tag="651"><subfield code="a">Cascade (Idaho)</subfield><subfield code="v">Newspapers.</subfield></datafield><datafield ind1=" " ind2="7" tag="655"><subfield code="a">Newspapers.</subfield><subfield code="2">fast</subfield><subfield code="0">(OCoLC)fst01423814</subfield></datafield><datafield ind1=" " ind2="7" tag="651"><subfield code="a">Idaho</subfield><subfield code="z">Cascade.</subfield><subfield code="2">fast</subfield><subfield code="0">(OCoLC)fst01210600</subfield></datafield><datafield ind1=" " ind2=" " tag="752"><subfield code="a">United States</subfield><subfield code="b">Idaho</subfield><subfield code="c">Valley</subfield><subfield code="d">Cascade.</subfield></datafield><datafield ind1="0" ind2="7" tag="785"><subfield code="t">Payette Lake star</subfield><subfield code="w">(DLC)sn 88056147</subfield></datafield><datafield ind1="0" ind2="7" tag="785"><subfield code="t">Star-news (Cascade, Idaho)</subfield><subfield code="w">(DLC)sn 88056146</subfield></datafield></record>